<record><leader>00000cas a2200000 a 4500</leader><controlfield tag="001">31700700</controlfield><controlfield tag="007">hd bfu---baat</controlfield><controlfield tag="007">hd afu---bact</controlfield><controlfield tag="008">941215d18uu193unbuwr nea     0    0eng d</controlfield><datafield ind1=" " ind2=" " tag="010"><subfield code="a">sn 94061478 </subfield></datafield><datafield ind1=" " ind2=" " tag="040"><subfield code="a">NVG</subfield><subfield code="b">eng</subfield><subfield code="c">NVG</subfield><subfield code="d">OCL</subfield><subfield code="d">OCLCQ</subfield></datafield><datafield ind1=" " ind2=" " tag="042"><subfield code="a">msc</subfield></datafield><datafield ind1=" " ind2=" " tag="043"><subfield code="a">n-us-nb</subfield></datafield><datafield ind1="0" ind2="4" tag="245"><subfield code="a">The Millard courier.</subfield></datafield><datafield ind1=" " ind2=" " tag="260"><subfield code="a">Millard, Neb. :</subfield><subfield code="b">J.B. Feree</subfield></datafield><datafield ind1=" " ind2=" " tag="300"><subfield code="a">volumes</subfield></datafield><datafield ind1=" " ind2=" " tag="310"><subfield code="a">Weekly</subfield></datafield><datafield ind1=" " ind2=" " tag="336"><subfield code="a">text</subfield><subfield code="b">txt</subfield><subfield code="2">rdacontent</subfield></datafield><datafield ind1=" " ind2=" " tag="337"><subfield code="a">microform</subfield><subfield code="b">h</subfield><subfield code="2">rdamedia</subfield></datafield><datafield ind1=" " ind2=" " tag="338"><subfield code="a">microfilm reel</subfield><subfield code="b">hd</subfield><subfield code="2">rdacarrier</subfield></datafield><datafield ind1=" " ind2=" " tag="500"><subfield code="a">Published in Waterloo, &lt;Aug. 18, 1905&gt;-</subfield></datafield><datafield ind1=" " ind2=" " tag="580"><subfield code="a">Called sub-edition and later associated newspaper of: Waterloo gazette (Waterloo, Neb.), 1901?-Jan. 5, 1934.</subfield></datafield><datafield ind1=" " ind2=" " tag="580"><subfield code="a">Merged with: Waterloo gazette (Waterloo, Neb.), Elkhorn exchange, and Bennington herald, to form: Douglas County gazette.</subfield></datafield><datafield ind1=" " ind2=" " tag="588"><subfield code="a">Description based on: Vol. 4, no. 49 (Oct. 29, 1897).</subfield></datafield><datafield ind1=" " ind2=" " tag="533"><subfield code="a">Microfilm.</subfield><subfield code="m">Oct. 29,1897-July 19,1918:[Gaps]</subfield><subfield code="b">Lincoln, Neb. :</subfield><subfield code="c">Nebraska State Historical Society,</subfield><subfield code="d">1979.</subfield><subfield code="e">2 microfilm reels ; 35 mm.</subfield></datafield><datafield ind1=" " ind2="0" tag="651"><subfield code="a">Millard (Neb.)</subfield><subfield code="v">Newspapers.</subfield></datafield><datafield ind1=" " ind2=" " tag="752"><subfield code="a">United States</subfield><subfield code="b">Nebraska</subfield><subfield code="c">Douglas</subfield><subfield code="d">Waterloo.</subfield></datafield><datafield ind1=" " ind2=" " tag="752"><subfield code="a">United States</subfield><subfield code="b">Nebraska</subfield><subfield code="c">Douglas</subfield><subfield code="d">Omaha.</subfield></datafield><datafield ind1=" " ind2=" " tag="752"><subfield code="a">United States</subfield><subfield code="b">Nebraska</subfield><subfield code="c">Douglas</subfield><subfield code="d">Millard.</subfield></datafield><datafield ind1="1" ind2="7" tag="785"><subfield code="t">Waterloo gazette (Waterloo, Neb.)</subfield><subfield code="w">(DLC)sn 94061434</subfield></datafield><datafield ind1="1" ind2="7" tag="785"><subfield code="t">Elkhorn exchange</subfield><subfield code="w">(DLC)sn 94061477</subfield></datafield><datafield ind1="1" ind2="7" tag="785"><subfield code="t">Bennington herald</subfield><subfield code="w">(DLC)sn 94061479</subfield></datafield><datafield ind1="1" ind2="7" tag="785"><subfield code="t">Douglas County gazette</subfield><subfield code="w">(DLC)sn 94061435</subfield></datafield><datafield ind1="1" ind2=" " tag="787"><subfield code="t">Waterloo gazette (Waterloo, Neb.)</subfield><subfield code="w">(DLC)sn 94061434</subfield></datafield><datafield ind1="1" ind2=" " tag="029"><subfield code="a">AU@</subfield><subfield code="b">000011427750</subfield></datafield></record>